@INPROCEEDINGS{virtual,  
author={Madero González, Cecilia María and Hernández-Muñoz, Guadalupe Maribel and Gutiérrez Leyton, Alma Elena},  
booktitle={2021 XI International Conference on Virtual Campus (JICV)},  
title={The effect of gamification on motivation in a virtual classroom},   
year={2021},  
volume={},  
number={},  
pages={1-4},  
doi={10.1109/JICV53222.2021.9600324}}

@ARTICLE{adaptive,
  author={Lavoué, Élise and Monterrat, Baptiste and Desmarais, Michel and George, Sébastien},
  journal={IEEE Transactions on Learning Technologies}, 
  title={Adaptive Gamification for Learning Environments}, 
  year={2019},
  volume={12},
  number={1},
  pages={16-28},
  doi={10.1109/TLT.2018.2823710}}

@misc{Hu:gamification,
  title={Gamification in Learning and Education: Enjoy Learning Like Gaming: By Sangkyun Kim, Kibong Song, Barbara Lockee, and John Burton. Pp 159. Pp 138. Cham, Switzerland: Springer International Publishing AG. 2018.{\pounds} 55.16,(hbk). ISBN 978-3-319-47282-9 (hbk)},
  author={Hu, Jingjing},
  year={2020},
  publisher={Taylor \& Francis}
}

@article{suits:game,
  title={What is a Game?},
  author={Suits, Bernard},
  journal={Philosophy of science},
  volume={34},
  number={2},
  pages={148--156},
  year={1967},
  publisher={Cambridge University Press}
}

@incollection{runco,
title = {Flow and Optimal Experience},
editor = {Mark A. Runco and Steven R. Pritzker},
booktitle = {Encyclopedia of Creativity (Second Edition)},
publisher = {Academic Press},
edition = {Second Edition},
address = {San Diego},
pages = {522-528},
year = {2011},
isbn = {978-0-12-375038-9},
doi = {https://doi.org/10.1016/B978-0-12-375038-9.00099-6},
url = {https://www.sciencedirect.com/science/article/pii/B9780123750389000996},
author = {M. Biasutti},
keywords = {Altered state of consciousness, Ecstasy, Everything clicks, Flow, Hyperfocus, Improvisation, In the groove, In sync, In the zone, Intrinsic motivation, On the ball, Optimal experience, Peak experience, Peak performance, Trance}}

@book{1990flow,
  title={Flow: The psychology of optimal experience},
  author={Csikszentmihalyi, Mihaly and Csikzentmihaly, Mihaly},
  volume={1990},
  year={1990},
  publisher={Harper \& Row New York}
}